% This is a sample BibTeX entry for testing purposes.

@article{yang2019federated,
  title={Federated machine learning: Concept and applications},
  author={Yang, Qiang and Liu, Yang and Chen, Tianjian and Tong, Yongxin},
  journal={ACM Transactions on Intelligent Systems and Technology (TIST)},
  volume={10},
  number={2},
  pages={1--19},
  year={2019},
  publisher={ACM New York, NY, USA}
}

@article{wen2023survey,
  title={A survey on federated learning: challenges and applications},
  author={Wen, Jie and Zhang, Zhixia and Lan, Yang and Cui, Zhihua and Cai, Jianghui and Zhang, Wensheng},
  journal={International Journal of Machine Learning and Cybernetics},
  volume={14},
  number={2},
  pages={513--535},
  year={2023},
  publisher={Springer}
}

@inproceedings{mcmahan2017communication,
  title={Communication-efficient learning of deep networks from decentralized data},
  author={McMahan, Brendan and Moore, Eider and Ramage, Daniel and Hampson, Seth and y Arcas, Blaise Aguera},
  booktitle={Artificial intelligence and statistics},
  pages={1273--1282},
  year={2017},
  organization={PMLR}
}

@article{hard2018federated,
  title={Federated learning for mobile keyboard prediction},
  author={Hard, Andrew and Rao, Kanishka and Mathews, Rajiv and Ramaswamy, Swaroop and Beaufays, Fran{\c{c}}oise and Augenstein, Sean and Eichner, Hubert and Kiddon, Chlo{\'e} and Ramage, Daniel},
  journal={arXiv preprint arXiv:1811.03604},
  year={2018}
}

@inproceedings{shokri2015privacy,
  title={Privacy-preserving deep learning},
  author={Shokri, Reza and Shmatikov, Vitaly},
  booktitle={Proceedings of the 22nd ACM SIGSAC conference on computer and communications security},
  pages={1310--1321},
  year={2015}
}

@techreport{yinsijisuan2021,
  author = {中国信息通信研究院},
  title = {隐私计算白皮书(2021年)},
  institution = {隐私计算联盟, 中国信息通信研究院},
  year = {2021},
  month = {7},
  day = {23}
}

@article{zhu2023blockchain,
  title={Blockchain-empowered federated learning: Challenges, solutions, and future directions},
  author={Zhu, Juncen and Cao, Jiannong and Saxena, Divya and Jiang, Shan and Ferradi, Houda},
  journal={ACM Computing Surveys},
  volume={55},
  number={11},
  pages={1--31},
  year={2023},
  publisher={ACM New York, NY}
}

@article{zhu2022resilient,
  title={Resilient and communication efficient learning for heterogeneous federated systems},
  author={Zhu, Zhuangdi and Hong, Junyuan and Drew, Steve and Zhou, Jiayu},
  journal={Proceedings of machine learning research},
  volume={162},
  pages={27504},
  year={2022}
}

@article{ye2023heterogeneous,
  title={Heterogeneous federated learning: State-of-the-art and research challenges},
  author={Ye, Mang and Fang, Xiuwen and Du, Bo and Yuen, Pong C and Tao, Dacheng},
  journal={ACM Computing Surveys},
  volume={56},
  number={3},
  pages={1--44},
  year={2023},
  publisher={ACM New York, NY, USA}
}

@article{zhao2020privacy,
  title={Privacy-preserving blockchain-based federated learning for IoT devices},
  author={Zhao, Yang and Zhao, Jun and Jiang, Linshan and Tan, Rui and Niyato, Dusit and Li, Zengxiang and Lyu, Lingjuan and Liu, Yingbo},
  journal={IEEE Internet of Things Journal},
  volume={8},
  number={3},
  pages={1817--1829},
  year={2020},
  publisher={IEEE}
}

@article{zheng2018blockchain,
  title={Blockchain challenges and opportunities: A survey},
  author={Zheng, Zibin and Xie, Shaoan and Dai, Hong-Ning and Chen, Xiangping and Wang, Huaimin},
  journal={International journal of web and grid services},
  volume={14},
  number={4},
  pages={352--375},
  year={2018},
  publisher={Inderscience Publishers (IEL)}
}

@article{di2017blockchain,
  title={What is the blockchain?},
  author={Di Pierro, Massimo},
  journal={Computing in Science \& Engineering},
  volume={19},
  number={5},
  pages={92--95},
  year={2017},
  publisher={IEEE}
}

@inproceedings{nourmohammadi2024blockfed,
  title={BlockFed: A novel federated learning framework based on hierarchical aggregation},
  author={Nourmohammadi, Reza and Sabramooz, Mohammad Reza and Zhang, Kaiwen and Talhi, Chamseddine},
  booktitle={2024 6th Conference on Blockchain Research \& Applications for Innovative Networks and Services (BRAINS)},
  pages={1--4},
  year={2024},
  organization={IEEE}
}

@inproceedings{ning2023blockfed,
  title={Blockfed: A high-performance and trustworthy blockchain-based federated learning framework},
  author={Ning, Rui and Wang, Chonggang and Li, Xu and Gazda, Robert and Wu, Hongyi},
  booktitle={GLOBECOM 2023-2023 IEEE Global Communications Conference},
  pages={892--897},
  year={2023},
  organization={IEEE}
}

@incollection{pilkington2016blockchain,
  title={Blockchain technology: principles and applications},
  author={Pilkington, Marc},
  booktitle={Research handbook on digital transformations},
  pages={225--253},
  year={2016},
  publisher={Edward Elgar Publishing}
}

@article{XDJS202135009,
author = {丁怡心 and 廖勇毅},
title = {透过比特币深入剖析区块链工作原理},
journal = {现代计算机},
volume = {27},
number = {35},
pages = {59-63},
year = {2021},
issn = {1007-1423},
}    

@inproceedings{zhang2024fedtgp,
  title={Fedtgp: Trainable global prototypes with adaptive-margin-enhanced contrastive learning for data and model heterogeneity in federated learning},
  author={Zhang, Jianqing and Liu, Yang and Hua, Yang and Cao, Jian},
  booktitle={Proceedings of the AAAI conference on artificial intelligence},
  volume={38},
  number={15},
  pages={16768--16776},
  year={2024}
}

@article{bonawitz2019towards,
  title={Towards federated learning at scale: System design},
  author={Bonawitz, Keith and Eichner, Hubert and Grieskamp, Wolfgang and Huba, Dzmitry and Ingerman, Alex and Ivanov, Vladimir and Kiddon, Chloe and Kone{\v{c}}n{\`y}, Jakub and Mazzocchi, Stefano and McMahan, Brendan and others},
  journal={Proceedings of machine learning and systems},
  volume={1},
  pages={374--388},
  year={2019}
}

@article{li2020federated,
  title={Federated learning: Challenges, methods, and future directions},
  author={Li, Tian and Sahu, Anit Kumar and Talwalkar, Ameet and Smith, Virginia},
  journal={IEEE signal processing magazine},
  volume={37},
  number={3},
  pages={50--60},
  year={2020},
  publisher={IEEE}
}

@misc{li2019impact,
  title={The impact of GDPR on global technology development},
  author={Li, He and Yu, Lu and He, Wu},
  journal={Journal of Global Information Technology Management},
  volume={22},
  number={1},
  pages={1--6},
  year={2019},
  publisher={Taylor \& Francis}
}

